%1
@misc{infishta2019web,
  title        = {Jenis-jenis budaya ikan air tawar},
  author       = {infishta},
  howpublished = {https://infishta.com/blogs/jenis-jenis-budidaya-ikan-air-tawar},
  journal      = {infishta},
  lastchecked  = {2022-3-9},
  year         = {2019}
}

%2
@article{pramleonita2018parameter,
  title   = {Parameter fisika dan kimia air kolam ikan nila hitam (Oreochromis niloticus)},
  author  = {Pramleonita, Meilinda and Yuliani, Nia and Arizal, Ridha and Wardoyo, Supriyono Eko},
  journal = {Jurnal Sains Natural},
  year    = {2018}
}

@article{supriyati2018sakemkm,
  title   = {Model Perancangan Sistem Informasi Akuntansi Budidaya Perikanan Berbasis SAK EMKM dan Android},
  author  = {Supriyati, Dicky Muhamad Rizky},
  journal = {Program Studi Komputerisasi Akuntansi Fakultas Teknik dan Ilmu Komputer-Universitas Komputer Indonesia},
  year    = {2018}
}

@article{Widhiastika2021foklik,
  title   = {Perancangan Aplikasi Jual Beli Produk Perikanan Berbasis Mobile Android (Studi Kasus : FO-KLIK)},
  author  = {Dhita Widhiastika , Sobakhul Munir Siroj, Astrida Wahyu Umayanti, Brilian Ade Putra, Naufal Fadhiil Rafino},
  journal = {Jurnal Ilmu Perikanan dan Kelautan Indonesia},
  year    = {2021}
}

@article{Yunior2019MonitoringKualitasAir,
  title   = {Sistem Monitoring Kualitas Air pada Budidaya Perikanan Berbasis IoT dan Manajemen Data},
  author  = {Yudhis Thiro Kabul Yunior, Kusrini},
  journal = {Creative Information Technology Journal (CITEC JOURNAL)},
  year    = {2019}
}

@article{Rifai2021IoTNodeRed,
  title   = {Sistem Pemantauan dan Kontrol Otomatis Kualitas Air Berbasis IoT Menggunakan Platform Node-Red Untuk Budidaya Udang},
  author  = {Ahmad Rifa’i, M. Udin Harun Al Rasyid, Agus Indra Gunawan},
  journal = {JTT (Jurnal Teknologi Terapan)},
  year    = {2021}
}

@article{Setiawan2022IoTSekolahVokasi,
  title   = {Monitoring Pemberian Pakan Ikan Otomatis Menggunakan IoT Di Labolatorium Perikanan Sekolah Vokasi IPB},
  author  = {Aep Setiawan, Erlin Arlitasari, Mahfuddin Zuhri, Andri Hendriana},
  journal = {JINTEKS (Jurnal Informatika Teknologi dan Sains)},
  year    = {2022}
}

@article{fadhilah2021skripsi,
  title   = {Rancang Bangun WEB Service dan Website Sebagai Storage Engine dan Monitoring Data Sensing untuk Budidaya Ikan Air Tawar},
  author  = {Fadhilah Perwira Hadi},
  journal = {Program Studi Ilmu Komputer Fakultas Matematika Dan Ilmu Pengetahuan Alam Universitar Negeri Jakarta 2021},
  year    = {2021}
}

@article{nugraha2022ekstrasiLatarDepan,
  title   = {Ekstrasi Latar Depan Pada Citra Ikan Dengan Metode Grabcut yang Diautomasi Menggunakan Saliency Map},
  author  = {Bagus Nugraha},
  journal = {Program Studi Ilmu Komputer Fakultas Matematika Dan Ilmu Pengetahuan Alam Universitar Negeri Jakarta 2022},
  year    = {2022}
}

@article{alim2022fishmovement,
  title   = {Fish Movement Tracking Dengan Menggunakan Metode GMM dan Kalman Filter},
  author  = {Hafizhun Alim},
  journal = {Program Studi Ilmu Komputer Fakultas Matematika Dan Ilmu Pengetahuan Alam Universitar Negeri Jakarta 2022},
  year    = {2022}
}

%3
@misc{reinert2019web,
  title        = {Pengenalan Web Services},
  author       = {Reinert Yoshua Rumagit},
  howpublished = {https://socs.binus.ac.id/2019/12/26/pengenalan-web-services},
  lastchecked  = {2022-3-9},
  year         = {2019}
}

%4
@misc{feridi2016web,
  title        = {Mengenal SOAP Web Services},
  author       = {Feridi},
  howpublished = {https://www.codepolitan.com/mengenal-soap-web-services},
  lastchecked  = {2022-3-9},
  year         = {2016}
}

%5
@misc{feridi2019web,
  title        = {Mengenal RESTful Web Services},
  author       = {Feridi},
  howpublished = {https://www.codepolitan.com/mengenal-restful-web-services},
  lastchecked  = {2022-3-9},
  year         = {2019}
}

%6
@misc{sidiq2018pengertian,
  title        = {Pengertian Internet of Things},
  author       = {Sidiq, M},
  howpublished = {https://www.codepolitan.com/mengenal-restful-web-services},
  year         = {2018}
}

%7
@misc{robithadani2020framework,
  title        = {Pengenalan Apa Itu Framework dan Jenisnya untuk Web Development},
  author       = {Muhammad Robith Adani},
  howpublished = {https://www.sekawanmedia.co.id/blog/pengertian-framework},
  year         = {2020}
}

%8
@misc{meissamrasouli2020flaskroute,
  title        = {Flask Route A Complete Overview},
  author       = {Meissam Rasouli},
  howpublished = {https://medium.com/analytics-vidhya/flask-route-a-complete-overview-d66065bfa867},
  year         = {2020}
}

%9
@misc{rosslawley2020mongoeingedocumentation,
  title        = {MongoEngine User Documentation},
  author       = {Ross Lawley, Marr, Bastien Gérard},
  howpublished = {https://docs.mongoengine.org},
  year         = {2020}
}

%10
@misc{streetlife2020flaskmongoenginedocumentation,
  title        = {Flask-MongoEngine Documentation},
  author       = {Streetlife},
  howpublished = {http://docs.mongoengine.org/projects/flask-mongoengine/en/latest},
  year         = {2020}
}

%11
@misc{kevinburke2020flaskrestful,
  title        = {FlaskRESTful},
  author       = {Kevin Burke, Kyle Conroy, Ryan Horn},
  howpublished = {https://flask-restful.readthedocs.io/en/latest},
  year         = {2020}
}

%12
@article{hemakrishnan2016mongodb,
  title   = {MongoDB – a comparison with NoSQL databases)},
  author  = {Hema Krishnan, T. Santhanakrishnan, M.Sudheep Elayidom},
  journal = { International Journal of Scientific and Engineering Research},
  year    = {2016}
}

%13
@article{Kunda2017ACS,
  title  = {A Comparative Study of NoSQL and Relational Database},
  author = {Douglas Kunda and Hazael Phiri},
  year   = {2017}
}

%14
@misc{apachehttpserver2022,
  title        = {Apache HTTP Server},
  author       = {Apache Software Foundation},
  howpublished = {https://httpd.apache.org/},
  year         = {2022}
}

%15
@article{purnama2013metodepenelitian,
  title   = {METODE PENELITIAN DAN PENGEMBANGAN (Pengenalan untuk Mengembangkan Produk Pembelajaran Bahasa Arab)},
  author  = {Purnama, S},
  journal = {LITERASI},
  year    = {2013}
}

%16
@misc{hamilton2022unittesting,
  title        = {Unit Testing Tutorial – What is, Types and Test Example},
  author       = {Thomas Hamilton},
  howpublished = {https://www.guru99.com/unit-testing-guide.html},
  year         = {2022}
}

%17
@article{rosa2016rekayasa,
  title     = {Rekayasa perangkat lunak terstruktur dan berorientasi objek},
  author    = {Rosa, Ariani Sukamto},
  year      = {2016},
  journal   = {},
  publisher = {informatika}
}

%18
@article{pressman2012,
  title     = {Rekayasa Perangkat Lunak Pendekatan Praktisi},
  author    = {Roger S. Pressman},
  year      = {2012},
  journal   = {Yogyakarta: Andi, 2010},
  publisher = {informatika}
}

%19
@book{perry2006effectivemethods,
  author    = {Perry, William},
  title     = {Effective Methods for Software Testing, Third Edition},
  year      = {2006},
  isbn      = {9780764598371},
  publisher = {John Wiley, Sons, Inc.},
  address   = {USA}
}

%20
@article{hady2020user,
  title   = {User Acceptance Testing (UAT) pada purwarupa sistem tabungan santri (studi kasus: Pondok Pesantren Al-Mawaddah)},
  author  = {Hady, Elok Luthfiyyah and Haryono, Kholid and Rahayu, Nur Wijayaning},
  journal = {Jurnal Ilmiah Multimedia dan Komunikasi},
  volume  = {5},
  number  = {1},
  year    = {2020}
}

@phdthesis{prayogi2021rancang,
  title={RANCANG BANGUN BACKEND SISTEM KEAMANAN PINTU RUANG LABORATORIUM KOMPUTER MENGGUNAKAN FINGERPRINT BERBASIS IOT},
  author={Prayogi, Fauzan Adji},
  year={2021},
  school={Politeknik Harapan Bersama Tegal}
}

@article{kusuma2004sistem,
  title={Sistem Pengontrol Otomatis dengan Teknologi Nirkabel untuk Pemberian Pakan Ikan},
  author={Kusuma Indarto, Ardhyan},
  year={2004},
  publisher={IPB (Bogor Agricultural University)}
}